@article{0,
  title = {Linear latent low dimensional space for online early action recognition and prediction},
  volume = {72},
  ISSN = {0031-3203},
  url = {http://dx.doi.org/10.1016/j.patcog.2017.07.003},
  DOI = {10.1016/j.patcog.2017.07.003},
  journal = {Pattern Recognition},
  publisher = {Elsevier BV},
  author = {Bloom,  Victoria and Argyriou,  Vasileios and Makris,  Dimitrios},
  year = {2017},
  month = dec,
  pages = {532–547}
}

@article{1,
  title = {Human action recognition by means of subtensor projections and dense trajectories},
  volume = {81},
  ISSN = {0031-3203},
  url = {http://dx.doi.org/10.1016/j.patcog.2018.04.015},
  DOI = {10.1016/j.patcog.2018.04.015},
  journal = {Pattern Recognition},
  publisher = {Elsevier BV},
  author = {Carmona,  Josep Maria and Climent,  Joan},
  year = {2018},
  month = sep,
  pages = {443–455}
}

@article{2,
  title = {Multi-stream CNN: Learning representations based on human-related regions for action recognition},
  volume = {79},
  ISSN = {0031-3203},
  url = {http://dx.doi.org/10.1016/j.patcog.2018.01.020},
  DOI = {10.1016/j.patcog.2018.01.020},
  journal = {Pattern Recognition},
  publisher = {Elsevier BV},
  author = {Tu,  Zhigang and Xie,  Wei and Qin,  Qianqing and Poppe,  Ronald and Veltkamp,  Remco C. and Li,  Baoxin and Yuan,  Junsong},
  year = {2018},
  month = jul,
  pages = {32–43}
}

@article{3,
  title = {A survey on vision-based human action recognition},
  volume = {28},
  ISSN = {0262-8856},
  url = {http://dx.doi.org/10.1016/j.imavis.2009.11.014},
  DOI = {10.1016/j.imavis.2009.11.014},
  number = {6},
  journal = {Image and Vision Computing},
  publisher = {Elsevier BV},
  author = {Poppe,  Ronald},
  year = {2010},
  month = jun,
  pages = {976–990}
}

@INPROCEEDINGS{4,
  author={Weinzaepfel, Philippe and Harchaoui, Zaid and Schmid, Cordelia},
  booktitle={2015 IEEE International Conference on Computer Vision (ICCV)}, 
  title={Learning to Track for Spatio-Temporal Action Localization}, 
  year={2015},
  volume={},
  number={},
  pages={3164-3172},
  keywords={Proposals;Tracking;Videos;Feature extraction;Detectors;Object detection;Optical imaging},
  doi={10.1109/ICCV.2015.362}}


@InProceedings{5,
    author    = {Gao, Mingfei and Zhou, Yingbo and Xu, Ran and Socher, Richard and Xiong, Caiming},
    title     = {WOAD: Weakly Supervised Online Action Detection in Untrimmed Videos},
    booktitle = {Proceedings of the IEEE/CVF Conference on Computer Vision and Pattern Recognition (CVPR)},
    month     = {June},
    year      = {2021},
    pages     = {1915-1923}
}

@inbook{6,
  title = {Temporal Segment Networks: Towards Good Practices for Deep Action Recognition},
  ISBN = {9783319464848},
  ISSN = {1611-3349},
  url = {http://dx.doi.org/10.1007/978-3-319-46484-8_2},
  DOI = {10.1007/978-3-319-46484-8_2},
  booktitle = {Lecture Notes in Computer Science},
  publisher = {Springer International Publishing},
  author = {Wang,  Limin and Xiong,  Yuanjun and Wang,  Zhe and Qiao,  Yu and Lin,  Dahua and Tang,  Xiaoou and Van Gool,  Luc},
  year = {2016},
  pages = {20–36}
}

@inproceedings{7,
  title = {MeMViT: Memory-Augmented Multiscale Vision Transformer for Efficient Long-Term Video Recognition},
  url = {http://dx.doi.org/10.1109/CVPR52688.2022.01322},
  DOI = {10.1109/cvpr52688.2022.01322},
  booktitle = {2022 IEEE/CVF Conference on Computer Vision and Pattern Recognition (CVPR)},
  publisher = {IEEE},
  author = {Wu,  Chao-Yuan and Li,  Yanghao and Mangalam,  Karttikeya and Fan,  Haoqi and Xiong,  Bo and Malik,  Jitendra and Feichtenhofer,  Christoph},
  year = {2022},
  month = jun 
}

@inproceedings{8,
  title = {Temporal Recurrent Networks for Online Action Detection},
  url = {http://dx.doi.org/10.1109/ICCV.2019.00563},
  DOI = {10.1109/iccv.2019.00563},
  booktitle = {2019 IEEE/CVF International Conference on Computer Vision (ICCV)},
  publisher = {IEEE},
  author = {Xu,  Mingze and Gao,  Mingfei and Chen,  Yi-Ting and Davis,  Larry and Crandall,  David},
  year = {2019},
  month = oct 
}

@article{9,
  title = {Deep learning networks for stock market analysis and prediction: Methodology,  data representations,  and case studies},
  volume = {83},
  ISSN = {0957-4174},
  url = {http://dx.doi.org/10.1016/j.eswa.2017.04.030},
  DOI = {10.1016/j.eswa.2017.04.030},
  journal = {Expert Systems with Applications},
  publisher = {Elsevier BV},
  author = {Chong,  Eunsuk and Han,  Chulwoo and Park,  Frank C.},
  year = {2017},
  month = oct,
  pages = {187–205}
}